<?xml version="1.0" encoding="UTF-8"?><record xmlns="http://www.loc.gov/MARC21/slim" xmlns:cinclude="http://apache.org/cocoon/include/1.0" xmlns:zs="http://www.loc.gov/zing/srw/">
  <leader>00404nz  a2200133n  4500</leader>
  <controlfield tag="001">nb2011031441</controlfield>
  <controlfield tag="003">DLC</controlfield>
  <controlfield tag="005">20111204075035.0</controlfield>
  <controlfield tag="008">111202n| acannaabn          |n aaa      </controlfield>
  <datafield tag="010" ind1=" " ind2=" ">
    <subfield code="a">nb2011031441</subfield>
  </datafield>
  <datafield tag="035" ind1=" " ind2=" ">
    <subfield code="a">(Uk)008331288</subfield>
  </datafield>
  <datafield tag="040" ind1=" " ind2=" ">
    <subfield code="a">Uk</subfield>
    <subfield code="b">eng</subfield>
    <subfield code="c">Uk</subfield>
  </datafield>
  <datafield tag="100" ind1="1" ind2=" ">
    <subfield code="a">Drabosenig, Simon,</subfield>
    <subfield code="d">1966-</subfield>
  </datafield>
  <datafield tag="670" ind1=" " ind2=" ">
    <subfield code="a">Burns goes classic! 2011?:</subfield>
    <subfield code="b">t.p. (Simon Drabosenig) p. 2 (born 1966 in Derby, Great Britain; lives in Vienna)</subfield>
  </datafield>
</record>